@inproceedings{DBLP:conf/cpaior/ArchibaldDHMP019,
  author    = {Blair Archibald and
               Fraser Dunlop and
               Ruth Hoffmann and
               Ciaran McCreesh and
               Patrick Prosser and
               James Trimble},
  title     = {Sequential and Parallel Solution-Biased Search for Subgraph Algorithms},
  booktitle = {Integration of Constraint Programming, Artificial Intelligence, and
               Operations Research - 16th International Conference, {CPAIOR} 2019,
               Thessaloniki, Greece, June 4-7, 2019, Proceedings},
  pages     = {20--38},
  year      = {2019},
  crossref  = {DBLP:conf/cpaior/2019},
  url       = {https://doi.org/10.1007/978-3-030-19212-9\_2},
  doi       = {10.1007/978-3-030-19212-9\_2},
  timestamp = {Fri, 31 May 2019 09:51:43 +0200},
  biburl    = {https://dblp.org/rec/bib/conf/cpaior/ArchibaldDHMP019},
  bibsource = {dblp computer science bibliography, https://dblp.org}
}

@proceedings{DBLP:conf/cpaior/2019,
  editor    = {Louis{-}Martin Rousseau and
               Kostas Stergiou},
  title     = {Integration of Constraint Programming, Artificial Intelligence, and
               Operations Research - 16th International Conference, {CPAIOR} 2019,
               Thessaloniki, Greece, June 4-7, 2019, Proceedings},
  series    = {Lecture Notes in Computer Science},
  volume    = {11494},
  publisher = {Springer},
  year      = {2019},
  url       = {https://doi.org/10.1007/978-3-030-19212-9},
  doi       = {10.1007/978-3-030-19212-9},
  isbn      = {978-3-030-19211-2},
  timestamp = {Tue, 28 May 2019 13:07:45 +0200},
  biburl    = {https://dblp.org/rec/bib/conf/cpaior/2019},
  bibsource = {dblp computer science bibliography, https://dblp.org}
}

@article{DBLP:journals/jair/McCreeshPST18,
  author    = {Ciaran McCreesh and
               Patrick Prosser and
               Christine Solnon and
               James Trimble},
  title     = {When Subgraph Isomorphism is Really Hard, and Why This Matters for
               Graph Databases},
  journal   = {J. Artif. Intell. Res.},
  volume    = {61},
  pages     = {723--759},
  year      = {2018},
  url       = {https://doi.org/10.1613/jair.5768},
  doi       = {10.1613/jair.5768},
  timestamp = {Wed, 25 Sep 2019 18:01:09 +0200},
  biburl    = {https://dblp.org/rec/bib/journals/jair/McCreeshPST18},
  bibsource = {dblp computer science bibliography, https://dblp.org}
}

@article{DBLP:journals/ai/Solnon10,
  author    = {Christine Solnon},
  title     = {AllDifferent-based filtering for subgraph isomorphism},
  journal   = {Artif. Intell.},
  volume    = {174},
  number    = {12-13},
  pages     = {850--864},
  year      = {2010},
  url       = {https://doi.org/10.1016/j.artint.2010.05.002},
  doi       = {10.1016/j.artint.2010.05.002},
  timestamp = {Sat, 27 May 2017 14:24:41 +0200},
  biburl    = {https://dblp.org/rec/bib/journals/ai/Solnon10},
  bibsource = {dblp computer science bibliography, https://dblp.org}
}

@article{DBLP:journals/constraints/ZampelliDS10,
  author    = {St{\'{e}}phane Zampelli and
               Yves Deville and
               Christine Solnon},
  title     = {Solving subgraph isomorphism problems with constraint programming},
  journal   = {Constraints},
  volume    = {15},
  number    = {3},
  pages     = {327--353},
  year      = {2010},
  url       = {https://doi.org/10.1007/s10601-009-9074-3},
  doi       = {10.1007/s10601-009-9074-3},
  timestamp = {Sat, 20 May 2017 00:25:22 +0200},
  biburl    = {https://dblp.org/rec/bib/journals/constraints/ZampelliDS10},
  bibsource = {dblp computer science bibliography, https://dblp.org}
}

@inproceedings{DBLP:conf/cp/AudemardLMGP14,
  author    = {Gilles Audemard and
               Christophe Lecoutre and
               Mouny Samy Modeliar and
               Gilles Goncalves and
               Daniel Cosmin Porumbel},
  title     = {Scoring-Based Neighborhood Dominance for the Subgraph Isomorphism
               Problem},
  booktitle = {Principles and Practice of Constraint Programming - 20th International
               Conference, {CP} 2014, Lyon, France, September 8-12, 2014. Proceedings},
  pages     = {125--141},
  year      = {2014},
  crossref  = {DBLP:conf/cp/2014},
  url       = {https://doi.org/10.1007/978-3-319-10428-7\_12},
  doi       = {10.1007/978-3-319-10428-7\_12},
  timestamp = {Tue, 14 May 2019 10:00:45 +0200},
  biburl    = {https://dblp.org/rec/bib/conf/cp/AudemardLMGP14},
  bibsource = {dblp computer science bibliography, https://dblp.org}
}

@proceedings{DBLP:conf/cp/2014,
  editor    = {Barry O'Sullivan},
  title     = {Principles and Practice of Constraint Programming - 20th International
               Conference, {CP} 2014, Lyon, France, September 8-12, 2014. Proceedings},
  series    = {Lecture Notes in Computer Science},
  volume    = {8656},
  publisher = {Springer},
  year      = {2014},
  url       = {https://doi.org/10.1007/978-3-319-10428-7},
  doi       = {10.1007/978-3-319-10428-7},
  isbn      = {978-3-319-10427-0},
  timestamp = {Tue, 14 May 2019 10:00:45 +0200},
  biburl    = {https://dblp.org/rec/bib/conf/cp/2014},
  bibsource = {dblp computer science bibliography, https://dblp.org}
}

@inproceedings{DBLP:conf/cp/McCreeshP15,
  author    = {Ciaran McCreesh and
               Patrick Prosser},
  title     = {A Parallel, Backjumping Subgraph Isomorphism Algorithm Using Supplemental
               Graphs},
  booktitle = {Principles and Practice of Constraint Programming - 21st International
               Conference, {CP} 2015, Cork, Ireland, August 31 - September 4, 2015,
               Proceedings},
  pages     = {295--312},
  year      = {2015},
  crossref  = {DBLP:conf/cp/2015},
  url       = {https://doi.org/10.1007/978-3-319-23219-5\_21},
  doi       = {10.1007/978-3-319-23219-5\_21},
  timestamp = {Tue, 14 May 2019 10:00:45 +0200},
  biburl    = {https://dblp.org/rec/bib/conf/cp/McCreeshP15},
  bibsource = {dblp computer science bibliography, https://dblp.org}
}

@proceedings{DBLP:conf/cp/2015,
  editor    = {Gilles Pesant},
  title     = {Principles and Practice of Constraint Programming - 21st International
               Conference, {CP} 2015, Cork, Ireland, August 31 - September 4, 2015,
               Proceedings},
  series    = {Lecture Notes in Computer Science},
  volume    = {9255},
  publisher = {Springer},
  year      = {2015},
  url       = {https://doi.org/10.1007/978-3-319-23219-5},
  doi       = {10.1007/978-3-319-23219-5},
  isbn      = {978-3-319-23218-8},
  timestamp = {Tue, 14 May 2019 10:00:45 +0200},
  biburl    = {https://dblp.org/rec/bib/conf/cp/2015},
  bibsource = {dblp computer science bibliography, https://dblp.org}
}

@inproceedings{DBLP:conf/gbrpr/Solnon19,
  author    = {Christine Solnon},
  title     = {Experimental Evaluation of Subgraph Isomorphism Solvers},
  booktitle = {Graph-Based Representations in Pattern Recognition - 12th {IAPR-TC-15}
               International Workshop, GbRPR 2019, Tours, France, June 19-21, 2019,
               Proceedings},
  pages     = {1--13},
  year      = {2019},
  crossref  = {DBLP:conf/gbrpr/2019},
  url       = {https://doi.org/10.1007/978-3-030-20081-7\_1},
  doi       = {10.1007/978-3-030-20081-7\_1},
  timestamp = {Tue, 11 Jun 2019 11:26:31 +0200},
  biburl    = {https://dblp.org/rec/bib/conf/gbrpr/Solnon19},
  bibsource = {dblp computer science bibliography, https://dblp.org}
}

@proceedings{DBLP:conf/gbrpr/2019,
  editor    = {Donatello Conte and
               Jean{-}Yves Ramel and
               Pasquale Foggia},
  title     = {Graph-Based Representations in Pattern Recognition - 12th {IAPR-TC-15}
               International Workshop, GbRPR 2019, Tours, France, June 19-21, 2019,
               Proceedings},
  series    = {Lecture Notes in Computer Science},
  volume    = {11510},
  publisher = {Springer},
  year      = {2019},
  url       = {https://doi.org/10.1007/978-3-030-20081-7},
  doi       = {10.1007/978-3-030-20081-7},
  isbn      = {978-3-030-20080-0},
  timestamp = {Tue, 11 Jun 2019 11:22:38 +0200},
  biburl    = {https://dblp.org/rec/bib/conf/gbrpr/2019},
  bibsource = {dblp computer science bibliography, https://dblp.org}
}

@inproceedings{DBLP:conf/lion/KotthoffMS16,
  author    = {Lars Kotthoff and
               Ciaran McCreesh and
               Christine Solnon},
  title     = {Portfolios of Subgraph Isomorphism Algorithms},
  booktitle = {Learning and Intelligent Optimization - 10th International Conference,
               {LION} 10, Ischia, Italy, May 29 - June 1, 2016, Revised Selected
               Papers},
  pages     = {107--122},
  year      = {2016},
  crossref  = {DBLP:conf/lion/2016},
  url       = {https://doi.org/10.1007/978-3-319-50349-3\_8},
  doi       = {10.1007/978-3-319-50349-3\_8},
  timestamp = {Tue, 14 May 2019 10:00:51 +0200},
  biburl    = {https://dblp.org/rec/bib/conf/lion/KotthoffMS16},
  bibsource = {dblp computer science bibliography, https://dblp.org}
}

@proceedings{DBLP:conf/lion/2016,
  editor    = {Paola Festa and
               Meinolf Sellmann and
               Joaquin Vanschoren},
  title     = {Learning and Intelligent Optimization - 10th International Conference,
               {LION} 10, Ischia, Italy, May 29 - June 1, 2016, Revised Selected
               Papers},
  series    = {Lecture Notes in Computer Science},
  volume    = {10079},
  publisher = {Springer},
  year      = {2016},
  url       = {https://doi.org/10.1007/978-3-319-50349-3},
  doi       = {10.1007/978-3-319-50349-3},
  isbn      = {978-3-319-50348-6},
  timestamp = {Tue, 14 May 2019 10:00:51 +0200},
  biburl    = {https://dblp.org/rec/bib/conf/lion/2016},
  bibsource = {dblp computer science bibliography, https://dblp.org}
}

@article{DBLP:journals/bmcbi/BonniciGPSF13,
  author    = {Vincenzo Bonnici and
               Rosalba Giugno and
               Alfredo Pulvirenti and
               Dennis E. Shasha and
               Alfredo Ferro},
  title     = {A subgraph isomorphism algorithm and its application to biochemical
               data},
  journal   = {{BMC} Bioinformatics},
  volume    = {14},
  number    = {{S-7}},
  pages     = {S13},
  year      = {2013},
  url       = {https://doi.org/10.1186/1471-2105-14-S7-S13},
  doi       = {10.1186/1471-2105-14-S7-S13},
  timestamp = {Thu, 16 May 2019 17:57:08 +0200},
  biburl    = {https://dblp.org/rec/bib/journals/bmcbi/BonniciGPSF13},
  bibsource = {dblp computer science bibliography, https://dblp.org}
}

@article{DBLP:journals/pami/CordellaFSV04,
  author    = {Luigi P. Cordella and
               Pasquale Foggia and
               Carlo Sansone and
               Mario Vento},
  title     = {A (Sub)Graph Isomorphism Algorithm for Matching Large Graphs},
  journal   = {{IEEE} Trans. Pattern Anal. Mach. Intell.},
  volume    = {26},
  number    = {10},
  pages     = {1367--1372},
  year      = {2004},
  url       = {https://doi.org/10.1109/TPAMI.2004.75},
  doi       = {10.1109/TPAMI.2004.75},
  timestamp = {Wed, 14 Nov 2018 10:51:18 +0100},
  biburl    = {https://dblp.org/rec/bib/journals/pami/CordellaFSV04},
  bibsource = {dblp computer science bibliography, https://dblp.org}
}

@inproceedings{DBLP:conf/gbrpr/CarlettiFSV17,
  author    = {Vincenzo Carletti and
               Pasquale Foggia and
               Alessia Saggese and
               Mario Vento},
  editor    = {Pasquale Foggia and
               Cheng{-}Lin Liu and
               Mario Vento},
  title     = {Introducing {VF3:} {A} New Algorithm for Subgraph Isomorphism},
  booktitle = {Graph-Based Representations in Pattern Recognition - 11th {IAPR-TC-15}
               International Workshop, GbRPR 2017, Anacapri, Italy, May 16-18, 2017,
               Proceedings},
  series    = {Lecture Notes in Computer Science},
  volume    = {10310},
  pages     = {128--139},
  year      = {2017},
  url       = {https://doi.org/10.1007/978-3-319-58961-9\_12},
  doi       = {10.1007/978-3-319-58961-9\_12},
  timestamp = {Tue, 14 May 2019 10:00:54 +0200},
  biburl    = {https://dblp.org/rec/conf/gbrpr/CarlettiFSV17.bib},
  bibsource = {dblp computer science bibliography, https://dblp.org}
}

@inproceedings{DBLP:conf/gg/McCreeshP020,
  author    = {Ciaran McCreesh and
               Patrick Prosser and
               James Trimble},
  title     = {The Glasgow Subgraph Solver: Using Constraint Programming to Tackle
               Hard Subgraph Isomorphism Problem Variants},
  booktitle = {Graph Transformation - 13th International Conference, {ICGT} 2020,
               Held as Part of {STAF} 2020, Bergen, Norway, June 25-26, 2020, Proceedings},
  pages     = {316--324},
  year      = {2020},
  crossref  = {DBLP:conf/gg/2020},
  url       = {https://doi.org/10.1007/978-3-030-51372-6\_19},
  doi       = {10.1007/978-3-030-51372-6\_19},
  timestamp = {Tue, 30 Jun 2020 11:42:54 +0200},
  biburl    = {https://dblp.org/rec/conf/gg/McCreeshP020.bib},
  bibsource = {dblp computer science bibliography, https://dblp.org}
}

@proceedings{DBLP:conf/gg/2020,
  editor    = {Fabio Gadducci and
               Timo Kehrer},
  title     = {Graph Transformation - 13th International Conference, {ICGT} 2020,
               Held as Part of {STAF} 2020, Bergen, Norway, June 25-26, 2020, Proceedings},
  series    = {Lecture Notes in Computer Science},
  volume    = {12150},
  publisher = {Springer},
  year      = {2020},
  url       = {https://doi.org/10.1007/978-3-030-51372-6},
  doi       = {10.1007/978-3-030-51372-6},
  isbn      = {978-3-030-51371-9},
  timestamp = {Sat, 02 Jan 2021 19:12:18 +0100},
  biburl    = {https://dblp.org/rec/conf/gg/2020.bib},
  bibsource = {dblp computer science bibliography, https://dblp.org}
}

@article{DBLP:journals/ipl/Rzazewski14,
  author    = {Pawel Rzazewski},
  title     = {Exact algorithm for graph homomorphism and locally injective graph
               homomorphism},
  journal   = {Inf. Process. Lett.},
  volume    = {114},
  number    = {7},
  pages     = {387--391},
  year      = {2014},
  url       = {https://doi.org/10.1016/j.ipl.2014.02.012},
  doi       = {10.1016/j.ipl.2014.02.012},
  timestamp = {Mon, 16 Sep 2019 14:52:24 +0200},
  biburl    = {https://dblp.org/rec/journals/ipl/Rzazewski14.bib},
  bibsource = {dblp computer science bibliography, https://dblp.org}
}

@article{DBLP:journals/csr/FialaK08,
  author    = {Jir{\'{\i}} Fiala and
               Jan Kratochv{\'{\i}}l},
  title     = {Locally constrained graph homomorphisms - structure, complexity, and
               applications},
  journal   = {Comput. Sci. Rev.},
  volume    = {2},
  number    = {2},
  pages     = {97--111},
  year      = {2008},
  url       = {https://doi.org/10.1016/j.cosrev.2008.06.001},
  doi       = {10.1016/j.cosrev.2008.06.001},
  timestamp = {Thu, 20 Feb 2020 11:36:55 +0100},
  biburl    = {https://dblp.org/rec/journals/csr/FialaK08.bib},
  bibsource = {dblp computer science bibliography, https://dblp.org}
}

@article{DBLP:journals/tcs/ChaplickFHPT15,
  author    = {Steven Chaplick and
               Jir{\'{\i}} Fiala and
               Pim van 't Hof and
               Dani{\"{e}}l Paulusma and
               Marek Tesar},
  title     = {Locally constrained homomorphisms on graphs of bounded treewidth and
               bounded degree},
  journal   = {Theor. Comput. Sci.},
  volume    = {590},
  pages     = {86--95},
  year      = {2015},
  url       = {https://doi.org/10.1016/j.tcs.2015.01.028},
  doi       = {10.1016/j.tcs.2015.01.028},
  timestamp = {Mon, 26 Oct 2020 08:45:42 +0100},
  biburl    = {https://dblp.org/rec/journals/tcs/ChaplickFHPT15.bib},
  bibsource = {dblp computer science bibliography, https://dblp.org}
}

@article{DBLP:journals/rsa/DyerG00,
  author    = {Martin E. Dyer and
               Catherine S. Greenhill},
  title     = {The complexity of counting graph homomorphisms},
  journal   = {Random Struct. Algorithms},
  volume    = {17},
  number    = {3-4},
  pages     = {260--289},
  year      = {2000},
  url       = {https://doi.org/10.1002/1098-2418(200010/12)17:3/4\<260::AID-RSA5\>3.0.CO;2-W},
  doi       = {10.1002/1098-2418(200010/12)17:3/4\<260::AID-RSA5\>3.0.CO;2-W},
  timestamp = {Fri, 26 May 2017 22:50:39 +0200},
  biburl    = {https://dblp.org/rec/journals/rsa/DyerG00.bib},
  bibsource = {dblp computer science bibliography, https://dblp.org}
}

@article{DBLP:journals/dam/GayFMSS14,
  author    = {Steven Gay and
               Fran{\c{c}}ois Fages and
               Thierry Martinez and
               Sylvain Soliman and
               Christine Solnon},
  title     = {On the subgraph epimorphism problem},
  journal   = {Discret. Appl. Math.},
  volume    = {162},
  pages     = {214--228},
  year      = {2014},
  url       = {https://doi.org/10.1016/j.dam.2013.08.008},
  doi       = {10.1016/j.dam.2013.08.008},
  timestamp = {Thu, 20 Feb 2020 15:47:46 +0100},
  biburl    = {https://dblp.org/rec/journals/dam/GayFMSS14.bib},
  bibsource = {dblp computer science bibliography, https://dblp.org}
}

@article{DBLP:journals/jco/BatsynGMP14,
  author    = {Mikhail Batsyn and
               Boris Goldengorin and
               Evgeny Maslov and
               Panos M. Pardalos},
  title     = {Improvements to {MCS} algorithm for the maximum clique problem},
  journal   = {J. Comb. Optim.},
  volume    = {27},
  number    = {2},
  pages     = {397--416},
  year      = {2014},
  url       = {https://doi.org/10.1007/s10878-012-9592-6},
  doi       = {10.1007/s10878-012-9592-6},
  timestamp = {Tue, 06 Jun 2017 22:17:13 +0200},
  biburl    = {https://dblp.org/rec/journals/jco/BatsynGMP14.bib},
  bibsource = {dblp computer science bibliography, https://dblp.org}
}

@inproceedings{DBLP:conf/cp/McCreeshP14,
  author    = {Ciaran McCreesh and
               Patrick Prosser},
  editor    = {Barry O'Sullivan},
  title     = {Reducing the Branching in a Branch and Bound Algorithm for the Maximum
               Clique Problem},
  booktitle = {Principles and Practice of Constraint Programming - 20th International
               Conference, {CP} 2014, Lyon, France, September 8-12, 2014. Proceedings},
  series    = {Lecture Notes in Computer Science},
  volume    = {8656},
  pages     = {549--563},
  publisher = {Springer},
  year      = {2014},
  url       = {https://doi.org/10.1007/978-3-319-10428-7\_40},
  doi       = {10.1007/978-3-319-10428-7\_40},
  timestamp = {Tue, 14 May 2019 10:00:45 +0200},
  biburl    = {https://dblp.org/rec/conf/cp/McCreeshP14.bib},
  bibsource = {dblp computer science bibliography, https://dblp.org}
}

@article{DBLP:journals/algorithms/Prosser12,
  author    = {Patrick Prosser},
  title     = {Exact Algorithms for Maximum Clique: {A} Computational Study},
  journal   = {Algorithms},
  volume    = {5},
  number    = {4},
  pages     = {545--587},
  year      = {2012},
  url       = {https://doi.org/10.3390/a5040545},
  doi       = {10.3390/a5040545},
  timestamp = {Tue, 14 Aug 2018 12:19:17 +0200},
  biburl    = {https://dblp.org/rec/journals/algorithms/Prosser12.bib},
  bibsource = {dblp computer science bibliography, https://dblp.org}
}

@inproceedings{DBLP:conf/walcom/TomitaSHTW10,
  author    = {Etsuji Tomita and
               Yoichi Sutani and
               Takanori Higashi and
               Shinya Takahashi and
               Mitsuo Wakatsuki},
  editor    = {Md. Saidur Rahman and
               Satoshi Fujita},
  title     = {A Simple and Faster Branch-and-Bound Algorithm for Finding a Maximum
               Clique},
  booktitle = {{WALCOM:} Algorithms and Computation, 4th International Workshop,
               {WALCOM} 2010, Dhaka, Bangladesh, February 10-12, 2010. Proceedings},
  series    = {Lecture Notes in Computer Science},
  volume    = {5942},
  pages     = {191--203},
  publisher = {Springer},
  year      = {2010},
  url       = {https://doi.org/10.1007/978-3-642-11440-3\_18},
  doi       = {10.1007/978-3-642-11440-3\_18},
  timestamp = {Tue, 14 May 2019 10:00:40 +0200},
  biburl    = {https://dblp.org/rec/conf/walcom/TomitaSHTW10.bib},
  bibsource = {dblp computer science bibliography, https://dblp.org}
}

@article{DBLP:journals/ol/SegundoMRH13,
  author    = {Pablo {San Segundo} and
               Fernando Mat{\'{\i}}a and
               Diego Rodr{\'{\i}}guez{-}Losada and
               Miguel Hernando},
  title     = {An improved bit parallel exact maximum clique algorithm},
  journal   = {Optim. Lett.},
  volume    = {7},
  number    = {3},
  pages     = {467--479},
  year      = {2013},
  url       = {https://doi.org/10.1007/s11590-011-0431-y},
  doi       = {10.1007/s11590-011-0431-y},
  timestamp = {Sat, 05 Sep 2020 17:43:21 +0200},
  biburl    = {https://dblp.org/rec/journals/ol/SegundoMRH13.bib},
  bibsource = {dblp computer science bibliography, https://dblp.org}
}

@inproceedings{DBLP:conf/cp/GochtMMNPT20,
  author    = {Stephan Gocht and
               Ross McBride and
               Ciaran McCreesh and
               Jakob Nordstr{\"{o}}m and
               Patrick Prosser and
               James Trimble},
  title     = {Certifying Solvers for Clique and Maximum Common (Connected) Subgraph
               Problems},
  booktitle = {Principles and Practice of Constraint Programming - 26th International
               Conference, {CP} 2020, Louvain-la-Neuve, Belgium, September 7-11,
               2020, Proceedings},
  pages     = {338--357},
  year      = {2020},
  crossref  = {DBLP:conf/cp/2020},
  url       = {https://doi.org/10.1007/978-3-030-58475-7\_20},
  doi       = {10.1007/978-3-030-58475-7\_20},
  timestamp = {Sat, 19 Sep 2020 13:19:46 +0200},
  biburl    = {https://dblp.org/rec/conf/cp/GochtMMNPT20.bib},
  bibsource = {dblp computer science bibliography, https://dblp.org}
}

@proceedings{DBLP:conf/cp/2020,
  editor    = {Helmut Simonis},
  title     = {Principles and Practice of Constraint Programming - 26th International
               Conference, {CP} 2020, Louvain-la-Neuve, Belgium, September 7-11,
               2020, Proceedings},
  series    = {Lecture Notes in Computer Science},
  volume    = {12333},
  publisher = {Springer},
  year      = {2020},
  url       = {https://doi.org/10.1007/978-3-030-58475-7},
  doi       = {10.1007/978-3-030-58475-7},
  isbn      = {978-3-030-58474-0},
  timestamp = {Sun, 17 Jan 2021 23:00:18 +0100},
  biburl    = {https://dblp.org/rec/conf/cp/2020.bib},
  bibsource = {dblp computer science bibliography, https://dblp.org}
}

@inproceedings{DBLP:conf/ijcai/GochtMN20,
  author    = {Stephan Gocht and
               Ciaran McCreesh and
               Jakob Nordstr{\"{o}}m},
  title     = {Subgraph Isomorphism Meets Cutting Planes: Solving With Certified
               Solutions},
  booktitle = {Proceedings of the Twenty-Ninth International Joint Conference on
               Artificial Intelligence, {IJCAI} 2020},
  pages     = {1134--1140},
  year      = {2020},
  crossref  = {DBLP:conf/ijcai/2020},
  url       = {https://doi.org/10.24963/ijcai.2020/158},
  doi       = {10.24963/ijcai.2020/158},
  timestamp = {Mon, 20 Jul 2020 12:38:52 +0200},
  biburl    = {https://dblp.org/rec/conf/ijcai/GochtMN20.bib},
  bibsource = {dblp computer science bibliography, https://dblp.org}
}

@proceedings{DBLP:conf/ijcai/2020,
  editor    = {Christian Bessiere},
  title     = {Proceedings of the Twenty-Ninth International Joint Conference on
               Artificial Intelligence, {IJCAI} 2020},
  publisher = {ijcai.org},
  year      = {2020},
  note      = {Scheduled for July 2020, Yokohama, Japan, postponed due to the Corona
               pandemic.},
  url       = {https://www.ijcai.org/Proceedings/2020/},
  timestamp = {Sun, 17 Jan 2021 23:00:20 +0100},
  biburl    = {https://dblp.org/rec/conf/ijcai/2020.bib},
  bibsource = {dblp computer science bibliography, https://dblp.org}
}

@article{DBLP:journals/csr/McConnellMNS11,
  author    = {Ross M. McConnell and
               Kurt Mehlhorn and
               Stefan N{\"{a}}her and
               Pascal Schweitzer},
  title     = {Certifying algorithms},
  journal   = {Comput. Sci. Rev.},
  volume    = {5},
  number    = {2},
  pages     = {119--161},
  year      = {2011},
  url       = {https://doi.org/10.1016/j.cosrev.2010.09.009},
  doi       = {10.1016/j.cosrev.2010.09.009},
  timestamp = {Thu, 20 Feb 2020 11:37:03 +0100},
  biburl    = {https://dblp.org/rec/journals/csr/McConnellMNS11.bib},
  bibsource = {dblp computer science bibliography, https://dblp.org}
}

